@booklet{caelumjava,
  title={Java e Orientação a Objetos},
  author={Caelum},
  url={http://www.caelum.com.br/apostila-java-orientacao-objetos/},
  urlaccessdate={20 de Agosto. 2015.}
}

@book{kurose2010,
  title={Redes de computadores e a internet: uma abordagem top-down},
  author={Kurose, J.F. and Ross, K.W.},
  isbn={9788588639973},
  url={https://books.google.com.br/books?id=raZtQwAACAAJ},
  year={2010},
  publisher={Pearson}
}

@article{soares8,
  title={Implementando Sistemas Orientados a Objetos para web usando Servlets e Java},
  author={Soares, S{\'e}rgio and d'Amorim, Marcelo and Neves, Denise and Faro, Marcelo and Valadares, Luciana and Soares, Gibeon and Valen{\c{c}}a, Ant{\^o}nio},
  adress={Recife},
  journal={Centro de Estudo e Sistemas Avançados do Recife}
  }

@book{antonio2005,
  title={Programa{\c{c}}{\~a}o orientada a aspectos em Java},
  author={de Resende, Ant{\^o}nio Maria Pereira and da Silva, Claudiney Calixto},
  year={2005},
  publisher={Brasport}
}

@booklet{caelumweb,
  title={Java Web},
  author={Caelum},
  url={http://www.caelum.com.br/apostila-java-web/},
  urlaccessdate={22 de Agosto. 2015.}
}

@article{barale,
  title={DESENVOLVIMENTO DE UM SISTEMA DE VENDAS NA WEB UTILIZANDO JSP},
  author={RAFAEL FERREIRA barale},
  year={2007},
  adress={Uberlândia},
}

@manual{httpservlet,
  title={ClassHttpServlet},
  Organization={Oracle},
  url={http://docs.oracle.com/javaee/7/api/javax/servlet/http/HttpServlet.html},
  urlaccessdate={4 de Setembro. 2015},
  year={2015}
}

@booklet{paulojsp,
  title={Projeto: Tecnologia Empresarial Material de Estudo: Java Server Pages (JSP)},
  author={Paulo César Machado Jeveaux},
  year={2008},
  month={Março}
}

@article{devmediamvc,
  title={Introdução ao padrão MVC},
  author={Higor Medeiros},
  publisher={DevMedia},
  url={http://www.devmedia.com.br/introducao-ao-padrao-mvc/29308},
  year={2014}
}

@online{mvc,
  title={MVC simples e prático},
  author={Marcelo Martins},
  url={http://www.k19.com.br/artigos/mvc-simples-e-pratico-parte-i/},
  year={2011},
  month={Março},
  journal={K19 Treinamentos}
}

@online{sabereletronica,
  title={Novo microcontrolador MSP430 da Texas facilita conectividade},
  url={http://www.sabereletronica.com.br/noticias-5/416-novo-microcontrolador-msp430-da-texas-facilita-conectividade},
  year={2011},
  month={Novembro},
  author={Saber Eletr{\^o}nica},
  journal={Saber Eletrônica}
}

@online{dueref,
  title={Arduino Due},
  url={http://www.embarcados.com.br/arduino-due/},
  year={2014},
  month={Março},
  author={Thiago Lima},
  journal={Embarcados},
  urlaccessdate={4 de Setembro. 2015.},
}


@booklet{uml,
  title={UML: Linguagem de Modelagem Unificada},
  url={http://www.etelg.com.br/paginaete/downloads/informatica/apostila_uml.pdf},
}

@inproceedings{bdrelacional,
  title={Bancos de Dados Relacionais},
  author={ELISÂNGELA ROCHA DA COSTA},
  Address={São Paulo},
  year={2011},
  url={http://www.fatecsp.br/dti/tcc/tcc0025}
}

@book{deitel2009java,
  title={Java Como Programar},
  author={Paul Deitel and Harvey Deitel},
  isbn={9788576051947},
  adress={São Paulo},
  year={2010},
  publisher={Pearson Prentice Hall},
  edition={8},
}

@booklet{isabelecss,
  title={Apostila de Introdução ao CSS},
  author={Isabelle Guimar{\~a}es M. O. de Barros,
Carlos Felipe Araujo dos Santos},
  Address={Rio de Janeiro},
  year={2008},
  month={Maio}
}

@article{augustoeclipse,
  title={Eclipse o Super IDE},
  author={Augusto Campos},
  journal={Embase: VI EBAI},
  year={2003},
  month={Maio}
}

@article{devmediatomcat,
  title={Conheça o Apache Tomcat},
  author={Equipe DevMedia},
  url={http://www.devmedia.com.br/conheca-o-apache-tomcat/4546},
  publisher={DevMedia},
  year={2014}
}

@article{flaviocoutinho,
  title={Introdução ao Tomcat e Servlets},
  author={Flávio Coutinho},
  journal={Embase: VI EBAI},
  year={2002},
  month={Agosto}
}

@article{postgrelinux,
  title={Introdução ao Tomcat e Servlets},
  author={Flávio Coutinho},
  journal={Embase: VI EBAI},
  year={2002},
  month={Agosto}
}

@article{marcilio2004,
  title={Desenvolvimento de aplica{\c{c}}{\~o}es de Banco de Dados.},
  author={da Silva Oliveira, Marc{\'\i}lio},
  Address={São Paulo},
  journal={Instituto de Computação - Universidade Estadual de Campinas},
  year={2004},
  url={http://www.ic.unicamp.br/~geovane/mo410-091/Ch06-DBApp-art.pdf},
  urlaccessdate={24 de Abril. 2015.}
}

@misc{falbo2005,
  title={Engenharia de software: notas de aula},
  author={Falbo, Ricardo de Almeida},
  journal={Vit{\'o}ria: Universidade Federal do Esp{\'\i}rito Santo},
  year={2005},
  month={Abril},
  url={http://www.inf.ufes.br/~falbo/download/aulas/es-g/2005-1/NotasDeAula.pdf},
  urlaccessdate={25 de Abril. 2015.}
}

@article{cole2011,
	Author = {A. COLE},
	Title = {Modelo Cascata.},
	month= {Março},
	Year = {2011},
	Url = {https://anielacole.wordpress.com/2011/03/25/modelo-cascata-parte-ii},
	urlaccessdate = {25 de Abril. 2015.},
	Booktitle = {Qualidade em foco}
}

@article{sbsistemas2015,
	Author = {SBSISTEMAS},
	Title = {Como um software de gestão pode fazer a diferença no seu controle
financeiro},
	Booktitle = {Software de gestão empresarial para micro e pequenas empresas.},
	month= {Março},
	Year = {2015},
	Url = {http://www.sbsistemas.com.br/blog/software-de-gestao-
fazer-diferenca-controle-financeiro/},
	urlaccessdate = {25 de Abril. 2015.},
	Booktitle = {Qualidade em foco},
}


@book{andrade2006,
  title={Sistemas embarcados: hardware e firmware na pr{\'a}tica},
  author={de Oliveira, A.S. and de Andrade, F.S.},
  isbn={9788536501055},
  url={https://books.google.com.br/books?id=u9KVGAAACAAJ},
  year={2014},
  edition={2},
  adress={São Paulo},
  publisher={Editora {\'E}rica Ltda},
}

ANDRADE, Fernando Souza de; 
OLIVEIRA, André Schneider de. Sistemas Embarcados - Hardware e Firmware na Prática. 2. ed. São Paulo: Érica, 2014.


@article{emersonalecrim,
  title={Banco de Dados MySQL e PostgreSQL},
  author={Emerson Alecrim},
  journal={Info Wester},
  year={2006},
  month={Novembro},
}

@article{marimoto2007,
	Author = {C. E. MARIMOTO},
	Title = {Processadores RISC X Processadores CISC},
	Year = {2007},
	adress={Belo Horizonte},
	month={Julho},
	Url = {http://www.hardware.com.br/artigos/risc-cisc/},
	urlaccessdate = {25 de Abril. 2015.},
}

@booklet{vasiljevic2013,
  title={Apostila de Arduino},
  author={Vasiljevic, Gabriel},
  adress={São Paulo},
  month={Fevereiro},
  year={2013},
  url={http://nilsinho.com/Arduino/Apostilas/apostila_v0.5a.pdf},
  urlaccessdate={2 de Abril. 2015.},
}

@online{lima,
  title={ARM Cortex M0+},
  author={Thiago Lima},
  url={http://www.embarcados.com.br/arm-cortex-m0/},
  urlaccessdate = {16 de Abril. 2015.},
  adress={Rio de Janeiro},
  year={2013},
  month={Outubro},
}

@book{stail,
  title={Arquitetura e Organização de Computadores},
  author={William Stallings},
  adress={São Paulo},
  year={2003},
  publisher={Pearson Prentice Hall},
  edition={5},
}

@book{wheat,
  title={Arduino internals},
  author={Wheat, Dale},
  year={2011},
  publisher={Apress}
}

@book{limaevilaca,
  title={AVR e Arduino},
  author={Charles Borges de Lima and Marco V. M. VILLAÇA},
  adress={Florianópolis},
  year={2012},
  publisher={LTC},
  edition={1},
}

@book{machadomaia,
  title={Arquitetura de Sistemas Operacionais},
  author={Francis Berenger Machado and Luiz Paulo Maia},
  adress={Rio de Janeiro},
  year={2007},
  publisher={LTC},
  edition={4},
}


%%%%%%%%%%%%%%%%%%%%%%%%%%%%%%%%%%%%%%%%


@article{domotica1993,
  title={Dom{\'o}tica: controle e automa{\c{c}}{\~a}o},
  author={MIYAGI, Paulo Eigi and BARRETO, Marcos Pereira Ribeiro and SILVA, Jos{\'e} Reinaldo},
  journal={Embase: VI EBAI},
  year={1993}
}


@article{beitol2015,
	Author = {W. BEITOL},
	Title = {Os efeitos da Automação do ponto-de-vista nas Vendas e no lucro.
Faith System},
	Year = {2015},
	Url = {http://www.faithsystem.com.br/artigos_sobre_forca_de_vendas_e_mobilidade_os_efeitos_d
a_automacao_do_ponto_de_vista_nas_vendas_e_no_lucro.asp},
	urlaccessdate = {10 de Abril. 2015.}
}




@inproceedings{barreto1993,
	Author = {BARRETTO, M. R. P. and MIYAGI, P. E. and SILVA, J. R.},
	Title = {Domótica - Controle e Automação},
	Year = {1993},
	Pages = {274},
	Volume = {1},
	Editor = {Embalse do Rio Tercero: PABI},	
}

@manual{inmetro2003,
	Author = {INMETRO},
	Title = {Vocabulário internacional de termos fundamentais e gerais de
	metrologia},
	Year = {2013},
	Address = {Rio de Janeiro, Brasil},
	Pages = {75},
	isbn = {85-87090-90-9},
}

@inproceedings{soviero1997,
	Author = {P. A. O. Soviero and L. G. M. Lavagna},
	Title = {A Numerical Model for Thin Airfoils in Unsteady Motion},
	Year = {1997},
	Pages = {332-340},
	Volume = {19},
	Number = {3},
	Booktitle = {Journal of the Brazilian Societyt Mechanical Sciences},	
}

@inproceedings{sparrow1980,
	Author = {E. M. Sparrow},
	Title = {Forced Convection Heat Transfer in a Duct Having Spanwise-Periodic
	Rectangular Protuberances},
	Year = {1980},
	Pages = {149-167},
	Volume = {3},
	Booktitle = {Numerical Heat Transfer},
}

@article{clark1986,
	Author = {J. A. Clark},
	Title = {Private Communication},
	Year = {1986},
	Address = {University of Michigan},
}

@article{arruda2007,
	Author = {M. B. B. Arruda},
	Title = {Como fazer referências: bibliográficas, eletrônicas e demais
	formas de documentos},
	Year = {2007},
	Url = {http://bu.ufsc.br/framerefer.html}
}

@article{coimbra1978,
	Author = {A. L. Coimbra},
	Title = {Lessons of Continuum Mechanics},
	Year = {1978},
	Address = {São Paulo, Brazil},
	Pages = {428},
	Editor = {Edgard Blücher},
}

@inproceedings{bordalo1989,
	Author = {S. N. Bordalo and J. H. Ferziger and S. J. Kline},
	Title = {The Development of Zonal Models for Turbulence},
	Year = {1989},
	Pages = {41-44},
	Booktitle = {Proceedings of the 10th Brazilian Congress of Mechanical
	Engineering}, 
	Volume = {1},	
}

@manual{NBR14724:2011,
	Address = {Rio de Janeiro},
	Date-Added = {2012-12-15 20:34:08 +0000},
	Date-Modified = {2012-12-15 20:35:25 +0000},
	Month = mar,
	Org-Short = {ABNT},
	Organization = {Associa{\c c}\~ao Brasileira de Normas T\'ecnicas},
	Pages = 15,
	Subtitle = {Informa{\c c}\~ao e documenta{\c c}\~ao --- trabalhos acad\^emicos --- apresenta{\c c}\~ao},
	Title = {{NBR} 14724},
	Year = 2011
}

@manual{NBR6034:2000,
	Address = {Rio de Janeiro},
	Org-Short = {ABNT},
	Organization = {Associa{\c c}\~ao Brasileira de Normas T\'ecnicas},
	Subtitle = {Informa{\c c}\~ao e documenta{\c c}\~ao --- Referências},
	Title = {{NBR} 14724},
	Year = 2000
}

